%% This BibTeX bibliography file was created using BibDesk.
%% http://bibdesk.sourceforge.net/

%% Created for Lauro Cesar Araujo at 2015-04-27 19:43:45 -0300 
%% Adaptado por Renato Kazuo Miyamoto 2023
%% Saved with string encoding Unicode (UTF-8) 
@misc{lima2023,
    Author = {Willian Pires Lima},
    Title = {Explorando as vantagens da rede LoRa em IoT: Um estudo de caso com medição de distâncias usando o ESP32},
    Year = {2023},
    Address = {Goiânia},
    Publisher = {Pontifícia Universidade Católica de Goiás},
    School = {Escola Politécnica},
    Type = {Trabalho de Conclusão de Curso},
    Url = {https://repositorio.pucgoias.edu.br/jspui/handle/123456789/6938},
    Urlaccessdate = {05 set. 2025},
    Note = {Orientador: Daniel Corrêa da Silva}
}

@article{Bhawiyuga2019,
  author={Bhawiyuga, Adhitya and Amron, Kasyful and Primanandha, Rakhmadhany and Kartikasari, Dani Primanita and Arijudin, Haidar and Prabandari, Dyah Ayu},
  booktitle={2019 International Conference on Sustainable Information Engineering and Technology (SIET)}, 
  title={LoRa-MQTT Gateway Device for Supporting Sensor-to-Cloud Data Transmission in Smart Aquaculture IoT Application}, 
  year={2019},
  volume={},
  number={},
  pages={187-190},
  keywords={Performance evaluation;Cloud computing;Wireless sensor networks;Protocols;LoRa;Logic gates;Internet of Things;Servers;Aquaculture;Testing},
  doi={10.1109/SIET48054.2019.8986124}}

@article{Yoon2020,
  author={Yoon, Hye Won and Kim, Dong Jun and Lee, Miran and Weon, Chaehee and Smith, Anthony},
  booktitle={2020 International Conference on Omni-layer Intelligent Systems (COINS)}, 
  title={L & M Farm: A Smart Farm based on LoRa & MQTT}, 
  year={2020},
  volume={},
  number={},
  pages={1-6},
  keywords={Actuators;Logic gates;Irrigation;Meteorology;Cloud computing;Soil moisture;Temperature sensors;L&M Farm;Smart Farm;LoRa;MQTT;IoT},
  doi={10.1109/COINS49042.2020.9191387}}

@INPROCEEDINGS{huh2019,
  author={Huh, Heon and Kim, Jeong Yeol},
  booktitle={2019 IEEE 5th World Forum on Internet of Things (WF-IoT)}, 
  title={LoRa-based Mesh Network for IoT Applications}, 
  year={2019},
  volume={},
  number={},
  pages={524-527},
  keywords={Logic gates;Mesh networks;Internet of Things;Protocols;Standards;Network topology;Network servers;Internet of things;wireless sensor networks;mesh network;multiple access;low-power wide-area network (LPWAN);environmental monitoring system},
  doi={10.1109/WF-IoT.2019.8767242}}

@article{rahmatullah2025,
  author    = {Rizky Rahmatullah and Hongmin Gao and Ryan Prasetya Utama and Puput Dani Prasetyo Adi and Jannat Mubashir and Rachmat Muwardi and Widar Dwi Gustian and Hanifah Dwiyanti and Yuliza},
  title     = {Multinode LoRa-MQTT of Design Architecture and Analyze Performance for Dual Protocol Network IoT},
  journal   = {International Journal of Advanced Computer Science and Applications (IJACSA)},
  volume    = {16},
  number    = {1},
  pages     = {296--303},
  year      = {2025},
  publisher = {The Science and Information Organization},
  doi       = {10.14569/IJACSA.2025.0160138},
  url       = {https://thesai.org/Downloads/Volume16No1/Paper_29-Multinode_LoRa_MQTT_of_Design_Architecture.pdf}
}
